@book{Floyd_2015,
    title     = {Digital Fundamentals},
    edition   = {11th},
    publisher = {Pearson Education},
    author    = {Floyd, Thomas L.},
    year      = {2015},
}

@book{Malvino_Leach_2017,
    title     = {Digital Principles and Applications},
    edition   = {8th},
    publisher = {McGraw-Hill Education},
    author    = {Malvino, Albert Paul and Leach, Donald P.},
    year      = {2017},
}

@book{Boylestad_2016,
    title     = {Electronic Devices and Circuit Theory},
    edition   = {11th},
    publisher = {Pearson Education},
    author    = {Boylestad, Robert L.},
    year      = {2016},
}

@misc{TI_74LS86,
    title  = {74LS86 Quad 2-Input XOR Gate Datasheet},
    author = {{Texas Instruments}},
    howpublished = {Datasheet},
    note   = {Used for bitwise XOR operations and as a core component in the Full Adder and Subtractor circuits},
}

@misc{TI_74LS32,
    title  = {74LS32 Quad 2-Input OR Gate Datasheet},
    author = {{Texas Instruments}},
    howpublished = {Datasheet},
    note   = {Used for bitwise OR operations and general combinatorial logic},
}

@misc{TI_74LS08,
    title  = {74LS08 Quad 2-Input AND Gate Datasheet},
    author = {{Texas Instruments}},
    howpublished = {Datasheet},
    note   = {Used for bitwise AND operations and general combinatorial logic},
}

@misc{TI_74LS151,
    title  = {74LS151 8-to-1 Line Data Selector/Multiplexer Datasheet},
    author = {{Texas Instruments}},
    howpublished = {Datasheet},
    note   = {Essential for the ALU's output stage to select the result from the correct functional unit},
}

@misc{TI_74LS83,
    title  = {74LS83 4-Bit Binary Full Adder Datasheet},
    author = {{Texas Instruments}},
    howpublished = {Datasheet},
    note   = {Pre-packaged adder IC detailing pinouts and ripple-carry functionality},
}

@book{Mano_Ciletti_2013,
    title     = {Digital Design: With an Introduction to the Verilog HDL},
    edition   = {5th},
    publisher = {Pearson},
    author    = {Mano, M. Morris and Ciletti, Michael D.},
    year      = {2013},
}

@book{Wakerly_2006,
    title     = {Digital Design: Principles and Practices},
    edition   = {4th},
    publisher = {Pearson Prentice Hall},
    author    = {Wakerly, John F.},
    year      = {2006},
}

@misc{enumitem,
    title  = {{\ttfamily enumitem} -- Control layout of itemize, enumerate, description},
    url    = {https://ctan.org/pkg/enumitem},
    author = {López, Javier Bezos},
    year   = {2019},
}

@misc{booktabs,
    title  = {{\ttfamily booktabs} -- Publication quality tables in {\LaTeX}},
    url    = {https://ctan.org/pkg/booktabs},
    author = {Els, Danie},
    year   = {2020},
}

@misc{array,
    title  = {{\ttfamily array} -- Extending the array and tabular environments},
    url    = {https://ctan.org/pkg/array},
    author = {The \LaTeX\ Team and Mittelbach, Frank},
    year   = {2021},
}

@misc{xcolor,
    title  = {Driver-independent color extensions for {\LaTeX} and {pdf\LaTeX}},
    url    = {https://ctan.org/pkg/xcolor},
    author = {The \LaTeX\ Team and Dr. Uwe Kern},
    year   = {2021},
}

@misc{thmtools,
    title  = {{\ttfamily thmtools} -- Extensions to theorem environments},
    url    = {https://ctan.org/pkg/thmtools},
    author = {Chou, Yukai},
    year   = {2020},
}

@misc{glossaries,
    title  = {{\ttfamily glossaries} -- Create glossaries and lists of acronyms},
    url    = {https://ctan.org/pkg/glossaries},
    author = {Talbot, Nicola},
    year   = {2021},
}

@misc{subcaption,
    title  = {{\ttfamily subcaption} -- subcaption – Support for sub-captions},
    url    = {https://ctan.org/pkg/subcaption},
    author = {Sommerfeldt, Axel},
    year   = {2020},
}

@misc{multirow,
    title  = {{\ttfamily multirow} -- Create tabular cells spanning multiple rows},
    url    = {https://ctan.org/pkg/multirow},
    author = {Pieter van Oostrum},
    year   = {2020},
}

@misc{nomencl,
    title  = {{\ttfamily nomencl} -- Produce lists of symbols as in nomenclatur},
    url    = {https://ctan.org/pkg/nomencl},
    author = {Veytsman, Boris and Shandl, Bernd and Netherton, Lee and Radhakrishnan, CV},
    year   = {2021},
}
